@book{FordL.r.1962,
address = {Princeton, New Jersey},
author = {{Ford, L.r.}, Jr. and Fulkerson, D.R.},
publisher = {Princeton University Press},
title = {{Flows in networks}},
year = {1962}
}
